@INPROCEEDINGS{CDDP,
  author={Xie, Zhaoming and Liu, C. Karen and Hauser, Kris},
  booktitle={2017 IEEE International Conference on Robotics and Automation (ICRA)}, 
  title={Differential dynamic programming with nonlinear constraints}, 
  year={2017},
  volume={},
  number={},
  pages={695-702},
  keywords={Trajectory;Optimal control;Optimization;Dynamic programming;Approximation algorithms;Standards;Iterative methods},
  doi={10.1109/ICRA.2017.7989086}
  }

@article{optimal-control-taxonomy,
author = {Drgoňa, Ján and Arroyo, Javier and Cupeiro, Iago and Blum, David and Arendt, Krzysztof and Kim, Donghun and Olle, Enric and Oravec, Juraj and Wetter, Michael and Vrabie, Draguna and Helsen, L.},
year = {2020},
month = {10},
pages = {},
title = {All you need to know about model predictive control for buildings},
volume = {50},
journal = {Annual Reviews in Control},
doi = {10.1016/j.arcontrol.2020.09.001}
}

@article{collocation,
  title={Direct trajectory optimization using nonlinear programming and collocation},
  author={Hargraves, Charles R and Paris, Stephen W},
  journal={Journal of guidance, control, and dynamics},
  volume={10},
  number={4},
  pages={338--342},
  year={1987}
}

@article{gill2005snopt,
  title={SNOPT: An SQP algorithm for large-scale constrained optimization},
  author={Gill, Philip E and Murray, Walter and Saunders, Michael A},
  journal={SIAM review},
  volume={47},
  number={1},
  pages={99--131},
  year={2005},
  publisher={SIAM}
}
@article{andersson2019casadi,
  title={CasADi: a software framework for nonlinear optimization and optimal control},
  author={Andersson, Joel AE and Gillis, Joris and Horn, Greg and Rawlings, James B and Diehl, Moritz},
  journal={Mathematical Programming Computation},
  volume={11},
  pages={1--36},
  year={2019},
  publisher={Springer}
}

@article{lantoine2012hybrid,
  title={A hybrid differential dynamic programming algorithm for constrained optimal control problems. part 1: Theory},
  author={Lantoine, Gregory and Russell, Ryan P},
  journal={Journal of Optimization Theory and Applications},
  volume={154},
  pages={382--417},
  year={2012},
  publisher={Springer}
}